<?xml version="1.0" encoding="UTF-8"?><collection xmlns="http://www.loc.gov/MARC21/slim"><record><leader>00397nam--2200145-i-4500</leader><controlfield tag="001">000007284</controlfield><controlfield tag="002">20161230</controlfield><controlfield tag="005">20170125232237</controlfield><controlfield tag="008">060222s1000------------r-----000-0-eng-d</controlfield><datafield ind1=" " ind2=" " tag="100"><subfield code="a">Adams, Roy M</subfield></datafield><datafield ind1=" " ind2=" " tag="245"><subfield code="a">Boron, metallo-boron coumpunds and boranes. Edited by ..</subfield></datafield><datafield ind1=" " ind2=" " tag="260"><subfield code="a">New York</subfield><subfield code="b">Interscience Publishers</subfield><subfield code="c">1964</subfield></datafield><datafield ind1=" " ind2=" " tag="300"><subfield code="a">XXIII + 765 p</subfield></datafield><datafield ind1=" " ind2=" " tag="852"><subfield code="a">20092</subfield></datafield><datafield ind1=" " ind2=" " tag="CAT"><subfield code="a">SYS</subfield><subfield code="c">20170125</subfield><subfield code="h">232237</subfield></datafield></record></collection>